[
  {
    "Date": "2024-03-11 00:00:00",
    "Product": "Webcam",
    "Category": "Electronics",
    "Region": "Asia Pacific",
    "Sales_Channel": "Partner",
    "Unit_Price": 89.23841251022886,
    "Quantity_Sold": 7,
    "Discount_Percent": 0.13374982585607734,
    "Customer_Rating": 3.1999498316360055,
    "Shipping_Cost": 25.66620013846402,
    "Marketing_Spend": 173.5172194581207,
    "Revenue": 541.1195326411907,
    "Profit_Margin": 0.3003249953562942,
    "Profit": 162.5117211276657,
    "Month": 3,
    "Quarter": 1,
    "Day_of_Week": "Monday"
  },
  {
    "Date": "2024-10-25 00:00:00",
    "Product": "Tablet",
    "Category": "Computing",
    "Region": "Europe",
    "Sales_Channel": "Online",
    "Unit_Price": 513.9819704323988,
    "Quantity_Sold": 12,
    "Discount_Percent": 0.281565812704725,
    "Customer_Rating": 3.0015575316820287,
    "Shipping_Cost": 49.649520168104786,
    "Marketing_Spend": 312.5659397175811,
    "Revenue": 4431.146630544295,
    "Profit_Margin": 0.10517829564917203,
    "Profit": 466.06045037222026,
    "Month": 10,
    "Quarter": 4,
    "Day_of_Week": "Friday"
  },
  {
    "Date": "2023-01-22 00:00:00",
    "Product": "Desktop",
    "Category": "Electronics",
    "Region": "Latin America",
    "Sales_Channel": "Online",
    "Unit_Price": 756.4916560792168,
    "Quantity_Sold": 10,
    "Discount_Percent": 0.013999698964084628,
    "Customer_Rating": 4.9475110376829186,
    "Shipping_Cost": 15.474710319363691,
    "Marketing_Spend": 54.397152921082196,
    "Revenue": 7459.010006252659,
    "Profit_Margin": 0.257611383935454,
    "Profit": 1921.525890499147,
    "Month": 1,
    "Quarter": 1,
    "Day_of_Week": "Sunday"
  },
  {
    "Date": "2024-07-16 00:00:00",
    "Product": "Headphones",
    "Category": "Audio",
    "Region": "Asia Pacific",
    "Sales_Channel": "Direct",
    "Unit_Price": 109.62072844310214,
    "Quantity_Sold": 3,
    "Discount_Percent": 0.25798212202089615,
    "Customer_Rating": 4.360615077175559,
    "Shipping_Cost": 25.272466338629435,
    "Marketing_Spend": 16.4998309683346,
    "Revenue": 244.02162090562268,
    "Profit_Margin": 0.3465130685876603,
    "Profit": 84.55668066174206,
    "Month": 7,
    "Quarter": 3,
    "Day_of_Week": "Tuesday"
  },
  {
    "Date": "2023-11-12 00:00:00",
    "Product": "Laptop",
    "Category": "Accessories",
    "Region": "Europe",
    "Sales_Channel": "Retail",
    "Unit_Price": 1142.7682615040223,
    "Quantity_Sold": 2,
    "Discount_Percent": 0.20526990795364705,
    "Customer_Rating": 3.8803049874792026,
    "Shipping_Cost": 10.491720568015047,
    "Marketing_Spend": 252.6366859545224,
    "Revenue": 1816.3846513054848,
    "Profit_Margin": 0.11335565542347999,
    "Profit": 205.8974726498824,
    "Month": 11,
    "Quarter": 4,
    "Day_of_Week": "Sunday"
  },
  {
    "Date": "2023-02-04 00:00:00",
    "Product": "Webcam",
    "Category": "Accessories",
    "Region": "North America",
    "Sales_Channel": "Direct",
    "Unit_Price": 66.83385329205234,
    "Quantity_Sold": 4,
    "Discount_Percent": 0.09351332282682329,
    "Customer_Rating": 4.040136042355622,
    "Shipping_Cost": 29.601962570447583,
    "Marketing_Spend": 100.57868320750825,
    "Revenue": 242.33599037356842,
    "Profit_Margin": 0.3868497051664812,
    "Profit": 93.74760642724218,
    "Month": 2,
    "Quarter": 1,
    "Day_of_Week": "Saturday"
  },
  {
    "Date": "2024-02-06 00:00:00",
    "Product": "Webcam",
    "Category": "Accessories",
    "Region": "Latin America",
    "Sales_Channel": "Retail",
    "Unit_Price": 74.81813385006805,
    "Quantity_Sold": 4,
    "Discount_Percent": 0.17936999364332554,
    "Customer_Rating": 4.843748470046234,
    "Shipping_Cost": 8.982162592336378,
    "Marketing_Spend": 106.03160258538115,
    "Revenue": 245.59202262790348,
    "Profit_Margin": 0.22724790490179678,
    "Profit": 55.81027260278573,
    "Month": 2,
    "Quarter": 1,
    "Day_of_Week": "Tuesday"
  },
  {
    "Date": "2024-12-02 00:00:00",
    "Product": "Laptop",
    "Category": "Audio",
    "Region": "North America",
    "Sales_Channel": "Direct",
    "Unit_Price": 1408.3920660824285,
    "Quantity_Sold": 15,
    "Discount_Percent": 0.24862125274557878,
    "Customer_Rating": 3.713506653387179,
    "Shipping_Cost": 17.642052935932135,
    "Marketing_Spend": 275.92108074754174,
    "Revenue": 15873.537993841217,
    "Profit_Margin": 0.18696864761541138,
    "Profit": 2967.8539315803428,
    "Month": 12,
    "Quarter": 4,
    "Day_of_Week": "Monday"
  },
  {
    "Date": "2023-06-06 00:00:00",
    "Product": "Laptop",
    "Category": "Computing",
    "Region": "North America",
    "Sales_Channel": "Online",
    "Unit_Price": 969.3818440447163,
    "Quantity_Sold": 9,
    "Discount_Percent": 0.23167343078899721,
    "Customer_Rating": 3.397431363068345,
    "Shipping_Cost": 5.248495270562108,
    "Marketing_Spend": 409.5760999428687,
    "Revenue": 6703.216438412811,
    "Profit_Margin": 0.25954640849258287,
    "Profit": 1739.795751938488,
    "Month": 6,
    "Quarter": 2,
    "Day_of_Week": "Tuesday"
  },
  {
    "Date": "2024-01-27 00:00:00",
    "Product": "Laptop",
    "Category": "Computing",
    "Region": "Asia Pacific",
    "Sales_Channel": "Online",
    "Unit_Price": 1323.5759848686068,
    "Quantity_Sold": 10,
    "Discount_Percent": 0.10753971856328177,
    "Customer_Rating": 3.2317381190502594,
    "Shipping_Cost": 43.83965416440171,
    "Marketing_Spend": 315.41608214550337,
    "Revenue": 11812.389959587183,
    "Profit_Margin": 0.3403642563529109,
    "Profit": 4020.5153243454824,
    "Month": 1,
    "Quarter": 1,
    "Day_of_Week": "Saturday"
  },
  {
    "Date": "2023-02-02 00:00:00",
    "Product": "Desktop",
    "Category": "Audio",
    "Region": "Asia Pacific",
    "Sales_Channel": "Partner",
    "Unit_Price": 907.536501065443,
    "Quantity_Sold": 5,
    "Discount_Percent": 0.21888185350141923,
    "Customer_Rating": 4.2751149427104265,
    "Shipping_Cost": 44.924573415934695,
    "Marketing_Spend": 241.38531332935514,
    "Revenue": 3544.4661479602305,
    "Profit_Margin": 0.2424265185305913,
    "Profit": 859.2725882995344,
    "Month": 2,
    "Quarter": 1,
    "Day_of_Week": "Thursday"
  },
  {
    "Date": "2024-04-06 00:00:00",
    "Product": "Mouse",
    "Category": "Computing",
    "Region": "North America",
    "Sales_Channel": "Online",
    "Unit_Price": 27.015964969618704,
    "Quantity_Sold": 14,
    "Discount_Percent": 0.14813867890931723,
    "Customer_Rating": 4.045465658763988,
    "Shipping_Cost": 24.239345826134734,
    "Marketing_Spend": 22.455372104606642,
    "Revenue": 322.193978533826,
    "Profit_Margin": 0.2935317029759176,
    "Profit": 94.57414720762017,
    "Month": 4,
    "Quarter": 2,
    "Day_of_Week": "Saturday"
  },
  {
    "Date": "2024-11-21 00:00:00",
    "Product": "Mouse",
    "Category": "Computing",
    "Region": "Latin America",
    "Sales_Channel": "Partner",
    "Unit_Price": 25.942127789776396,
    "Quantity_Sold": 4,
    "Discount_Percent": 0.2722699421778279,
    "Customer_Rating": 3.49858445829775,
    "Shipping_Cost": 23.46723153660334,
    "Marketing_Spend": 380.22005788609385,
    "Revenue": 75.51546462593663,
    "Profit_Margin": 0.249974316360058,
    "Profit": 18.876926644480655,
    "Month": 11,
    "Quarter": 4,
    "Day_of_Week": "Thursday"
  },
  {
    "Date": "2024-06-08 00:00:00",
    "Product": "Keyboard",
    "Category": "Audio",
    "Region": "Asia Pacific",
    "Sales_Channel": "Partner",
    "Unit_Price": 57.36962332599261,
    "Quantity_Sold": 2,
    "Discount_Percent": 0.18730621444013798,
    "Customer_Rating": 3.591267371675428,
    "Shipping_Cost": 9.747241692362177,
    "Marketing_Spend": 233.701939536626,
    "Revenue": 93.2478727138886,
    "Profit_Margin": 0.2893816769923478,
    "Profit": 26.98422578191407,
    "Month": 6,
    "Quarter": 2,
    "Day_of_Week": "Saturday"
  },
  {
    "Date": "2024-07-09 00:00:00",
    "Product": "Keyboard",
    "Category": "Audio",
    "Region": "Europe",
    "Sales_Channel": "Retail",
    "Unit_Price": 53.48355604789127,
    "Quantity_Sold": 7,
    "Discount_Percent": 0.2720485324637262,
    "Customer_Rating": 3.5442644987692704,
    "Shipping_Cost": 34.14605542436131,
    "Marketing_Spend": 10.254984727704752,
    "Revenue": 272.534031798847,
    "Profit_Margin": 0.141409274558991,
    "Profit": 38.53883972931194,
    "Month": 7,
    "Quarter": 3,
    "Day_of_Week": "Tuesday"
  },
  {
    "Date": "2023-09-16 00:00:00",
    "Product": "Mouse",
    "Category": "Computing",
    "Region": "Europe",
    "Sales_Channel": "Direct",
    "Unit_Price": 26.67611774219303,
    "Quantity_Sold": 5,
    "Discount_Percent": 0.2077308098670811,
    "Customer_Rating": 3.538824667597043,
    "Shipping_Cost": 15.985648501149837,
    "Marketing_Spend": 92.46261066473598,
    "Revenue": 105.67333099748828,
    "Profit_Margin": 0.11159901585342999,
    "Profit": 11.793039741273448,
    "Month": 9,
    "Quarter": 3,
    "Day_of_Week": "Saturday"
  },
  {
    "Date": "2024-08-30 00:00:00",
    "Product": "Tablet",
    "Category": "Audio",
    "Region": "North America",
    "Sales_Channel": "Direct",
    "Unit_Price": 392.7259204758588,
    "Quantity_Sold": 17,
    "Discount_Percent": 0.07617462418030341,
    "Customer_Rating": 3.4937521256772026,
    "Shipping_Cost": 36.333692277790476,
    "Marketing_Spend": 359.0125890629766,
    "Revenue": 6167.772908321691,
    "Profit_Margin": 0.14107042170921782,
    "Profit": 870.0903251836298,
    "Month": 8,
    "Quarter": 3,
    "Day_of_Week": "Friday"
  },
  {
    "Date": "2024-09-16 00:00:00",
    "Product": "Mouse",
    "Category": "Audio",
    "Region": "North America",
    "Sales_Channel": "Partner",
    "Unit_Price": 27.61955417474871,
    "Quantity_Sold": 2,
    "Discount_Percent": 0.12331110399546938,
    "Customer_Rating": 3.066101465801097,
    "Shipping_Cost": 20.528206161200735,
    "Marketing_Spend": 320.83215890366824,
    "Revenue": 48.42751291519554,
    "Profit_Margin": 0.18575144339917865,
    "Profit": 8.995480424229937,
    "Month": 9,
    "Quarter": 3,
    "Day_of_Week": "Monday"
  },
  {
    "Date": "2023-05-10 00:00:00",
    "Product": "Headphones",
    "Category": "Electronics",
    "Region": "Latin America",
    "Sales_Channel": "Retail",
    "Unit_Price": 129.28252270553006,
    "Quantity_Sold": 4,
    "Discount_Percent": 0.024255997899814575,
    "Customer_Rating": 3.7393089121228087,
    "Shipping_Cost": 15.897197222484165,
    "Marketing_Spend": 403.53848062614895,
    "Revenue": 504.58658442520795,
    "Profit_Margin": 0.17600681873443208,
    "Profit": 88.81067950075378,
    "Month": 5,
    "Quarter": 2,
    "Day_of_Week": "Wednesday"
  },
  {
    "Date": "2024-09-01 00:00:00",
    "Product": "Mouse",
    "Category": "Accessories",
    "Region": "Europe",
    "Sales_Channel": "Partner",
    "Unit_Price": 30.2053984152423,
    "Quantity_Sold": 16,
    "Discount_Percent": 0.2505907486767714,
    "Customer_Rating": 3.6415601299434717,
    "Shipping_Cost": 13.393332967993441,
    "Marketing_Spend": 29.97981936183432,
    "Revenue": 362.1792801965851,
    "Profit_Margin": 0.2845526048981941,
    "Profit": 103.05905762009122,
    "Month": 9,
    "Quarter": 3,
    "Day_of_Week": "Sunday"
  },
  {
    "Date": "2024-02-07 00:00:00",
    "Product": "Keyboard",
    "Category": "Accessories",
    "Region": "Asia Pacific",
    "Sales_Channel": "Partner",
    "Unit_Price": 45.66239437994845,
    "Quantity_Sold": 7,
    "Discount_Percent": 0.05230992870149743,
    "Customer_Rating": 4.381875476204932,
    "Shipping_Cost": 22.403090583524182,
    "Marketing_Spend": 468.99769448099994,
    "Revenue": 302.9165844991558,
    "Profit_Margin": 0.23676682724027232,
    "Profit": 71.72059863032497,
    "Month": 2,
    "Quarter": 1,
    "Day_of_Week": "Wednesday"
  },
  {
    "Date": "2024-04-17 00:00:00",
    "Product": "Laptop",
    "Category": "Accessories",
    "Region": "Asia Pacific",
    "Sales_Channel": "Partner",
    "Unit_Price": 1486.4036120285887,
    "Quantity_Sold": 3,
    "Discount_Percent": 0.0685650065391899,
    "Customer_Rating": 3.349909854191872,
    "Shipping_Cost": 49.197575449824605,
    "Marketing_Spend": 263.151586722797,
    "Revenue": 4153.465015949919,
    "Profit_Margin": 0.11164359430805411,
    "Profit": 463.7077632134082,
    "Month": 4,
    "Quarter": 2,
    "Day_of_Week": "Wednesday"
  },
  {
    "Date": "2023-01-02 00:00:00",
    "Product": "Laptop",
    "Category": "Electronics",
    "Region": "Latin America",
    "Sales_Channel": "Retail",
    "Unit_Price": 1498.329454771996,
    "Quantity_Sold": 5,
    "Discount_Percent": 0.2647909029568019,
    "Customer_Rating": 3.3774142166827588,
    "Shipping_Cost": 17.549210866648185,
    "Marketing_Spend": 353.17533668665794,
    "Revenue": 5507.927227580733,
    "Profit_Margin": 0.11045977189510768,
    "Profit": 608.4043851734207,
    "Month": 1,
    "Quarter": 1,
    "Day_of_Week": "Monday"
  },
  {
    "Date": "2023-05-11 00:00:00",
    "Product": "Tablet",
    "Category": "Audio",
    "Region": "Latin America",
    "Sales_Channel": "Retail",
    "Unit_Price": 475.9751091715248,
    "Quantity_Sold": 11,
    "Discount_Percent": 0.2806904982662842,
    "Customer_Rating": 4.570681302227888,
    "Shipping_Cost": 35.10447146214029,
    "Marketing_Spend": 294.5364445038628,
    "Revenue": 3766.1076047740253,
    "Profit_Margin": 0.12717640063619973,
    "Profit": 478.96000958378,
    "Month": 5,
    "Quarter": 2,
    "Day_of_Week": "Thursday"
  },
  {
    "Date": "2024-05-24 00:00:00",
    "Product": "Tablet",
    "Category": "Electronics",
    "Region": "Asia Pacific",
    "Sales_Channel": "Online",
    "Unit_Price": 321.01231676924374,
    "Quantity_Sold": 14,
    "Discount_Percent": 0.16462013680997584,
    "Customer_Rating": 4.383790395385386,
    "Shipping_Cost": 34.338256677617025,
    "Marketing_Spend": 119.89196163567429,
    "Revenue": 3754.34115371005,
    "Profit_Margin": 0.20592434722025982,
    "Profit": 773.1102513198992,
    "Month": 5,
    "Quarter": 2,
    "Day_of_Week": "Friday"
  },
  {
    "Date": "2024-08-02 00:00:00",
    "Product": "Laptop",
    "Category": "Electronics",
    "Region": "Europe",
    "Sales_Channel": "Online",
    "Unit_Price": 1067.2936255327973,
    "Quantity_Sold": 8,
    "Discount_Percent": 0.2547670231482534,
    "Customer_Rating": 4.3152257846006865,
    "Shipping_Cost": 30.573887150096223,
    "Marketing_Spend": 55.90063623576531,
    "Revenue": 6363.0592458455985,
    "Profit_Margin": 0.10185488528911885,
    "Profit": 648.1086695734705,
    "Month": 8,
    "Quarter": 3,
    "Day_of_Week": "Friday"
  },
  {
    "Date": "2024-04-14 00:00:00",
    "Product": "Monitor",
    "Category": "Computing",
    "Region": "Europe",
    "Sales_Channel": "Retail",
    "Unit_Price": 328.4806271340816,
    "Quantity_Sold": 6,
    "Discount_Percent": 0.11792931740002811,
    "Customer_Rating": 4.784093110354227,
    "Shipping_Cost": 33.401238169876834,
    "Marketing_Spend": 399.45753873540775,
    "Revenue": 1738.4587859821572,
    "Profit_Margin": 0.24819617962904214,
    "Profit": 431.47882912331403,
    "Month": 4,
    "Quarter": 2,
    "Day_of_Week": "Sunday"
  },
  {
    "Date": "2024-08-31 00:00:00",
    "Product": "Headphones",
    "Category": "Audio",
    "Region": "Asia Pacific",
    "Sales_Channel": "Direct",
    "Unit_Price": 123.20837825359516,
    "Quantity_Sold": 16,
    "Discount_Percent": 0.08423170873225673,
    "Customer_Rating": 3.0486319328629077,
    "Shipping_Cost": 34.046253315822554,
    "Marketing_Spend": 96.78423290945398,
    "Revenue": 1805.2852163706339,
    "Profit_Margin": 0.20820089929279084,
    "Profit": 375.86200552834646,
    "Month": 8,
    "Quarter": 3,
    "Day_of_Week": "Saturday"
  },
  {
    "Date": "2023-06-07 00:00:00",
    "Product": "Keyboard",
    "Category": "Electronics",
    "Region": "Europe",
    "Sales_Channel": "Online",
    "Unit_Price": 62.087350556656475,
    "Quantity_Sold": 9,
    "Discount_Percent": 0.28592155410718595,
    "Customer_Rating": 3.6615006093410276,
    "Shipping_Cost": 29.874423507597047,
    "Marketing_Spend": 290.4233098937108,
    "Revenue": 399.01714915589633,
    "Profit_Margin": 0.2666323907322479,
    "Profit": 106.39089642260261,
    "Month": 6,
    "Quarter": 2,
    "Day_of_Week": "Wednesday"
  },
  {
    "Date": "2023-04-26 00:00:00",
    "Product": "Keyboard",
    "Category": "Computing",
    "Region": "North America",
    "Sales_Channel": "Online",
    "Unit_Price": 44.77277577875866,
    "Quantity_Sold": 1,
    "Discount_Percent": 0.0950766015468833,
    "Customer_Rating": 3.338985493372185,
    "Shipping_Cost": 30.05605681062576,
    "Marketing_Spend": 468.7158393387827,
    "Revenue": 40.51593241589367,
    "Profit_Margin": 0.31624756842484025,
    "Profit": 12.813065108991537,
    "Month": 4,
    "Quarter": 2,
    "Day_of_Week": "Wednesday"
  },
  {
    "Date": "2023-11-19 00:00:00",
    "Product": "Desktop",
    "Category": "Audio",
    "Region": "Europe",
    "Sales_Channel": "Direct",
    "Unit_Price": 723.5674870461442,
    "Quantity_Sold": 15,
    "Discount_Percent": 0.297016155031279,
    "Customer_Rating": 3.280168030473048,
    "Shipping_Cost": 28.324834356368154,
    "Marketing_Spend": 439.9128052446982,
    "Revenue": 7629.843812070804,
    "Profit_Margin": 0.17529184464395633,
    "Profit": 1337.449396163167,
    "Month": 11,
    "Quarter": 4,
    "Day_of_Week": "Sunday"
  },
  {
    "Date": "2023-04-14 00:00:00",
    "Product": "Laptop",
    "Category": "Electronics",
    "Region": "North America",
    "Sales_Channel": "Partner",
    "Unit_Price": 1385.3465981460713,
    "Quantity_Sold": 7,
    "Discount_Percent": 0.088077553279348,
    "Customer_Rating": 4.618722310957027,
    "Shipping_Cost": 41.455102760563136,
    "Marketing_Spend": 434.8654361042508,
    "Revenue": 8843.30061536248,
    "Profit_Margin": 0.14712509428867293,
    "Profit": 1301.0714368582842,
    "Month": 4,
    "Quarter": 2,
    "Day_of_Week": "Friday"
  },
  {
    "Date": "2024-05-20 00:00:00",
    "Product": "Mouse",
    "Category": "Computing",
    "Region": "North America",
    "Sales_Channel": "Direct",
    "Unit_Price": 29.97868973708469,
    "Quantity_Sold": 1,
    "Discount_Percent": 0.021282275099978296,
    "Customer_Rating": 3.7935676544277768,
    "Shipping_Cost": 7.284583896772862,
    "Marketing_Spend": 444.4424029858234,
    "Revenue": 29.340675014963157,
    "Profit_Margin": 0.18341606678901629,
    "Profit": 5.381551208179304,
    "Month": 5,
    "Quarter": 2,
    "Day_of_Week": "Monday"
  },
  {
    "Date": "2023-04-02 00:00:00",
    "Product": "Webcam",
    "Category": "Accessories",
    "Region": "Europe",
    "Sales_Channel": "Direct",
    "Unit_Price": 81.68550528735652,
    "Quantity_Sold": 19,
    "Discount_Percent": 0.13967940543973803,
    "Customer_Rating": 4.085289269415153,
    "Shipping_Cost": 17.8943563457728,
    "Marketing_Spend": 299.50829767881527,
    "Revenue": 1335.2387270397057,
    "Profit_Margin": 0.10052895458557165,
    "Profit": 134.23015335147107,
    "Month": 4,
    "Quarter": 2,
    "Day_of_Week": "Sunday"
  },
  {
    "Date": "2023-11-01 00:00:00",
    "Product": "Headphones",
    "Category": "Audio",
    "Region": "Europe",
    "Sales_Channel": "Retail",
    "Unit_Price": 95.16327573366115,
    "Quantity_Sold": 11,
    "Discount_Percent": 0.038118153795565435,
    "Customer_Rating": 4.044486520109609,
    "Shipping_Cost": 39.64970988943749,
    "Marketing_Spend": 115.75230347345315,
    "Revenue": 1006.8941008891121,
    "Profit_Margin": 0.13600388665773422,
    "Profit": 136.941511173664,
    "Month": 11,
    "Quarter": 4,
    "Day_of_Week": "Wednesday"
  },
  {
    "Date": "2023-04-13 00:00:00",
    "Product": "Mouse",
    "Category": "Audio",
    "Region": "Europe",
    "Sales_Channel": "Online",
    "Unit_Price": 22.42975042493591,
    "Quantity_Sold": 15,
    "Discount_Percent": 0.20985366323015814,
    "Customer_Rating": 3.2767061848356027,
    "Shipping_Cost": 10.973544000933641,
    "Marketing_Spend": 485.0730648859379,
    "Revenue": 265.8417769938737,
    "Profit_Margin": 0.3252491091059003,
    "Profit": 86.46480113038685,
    "Month": 4,
    "Quarter": 2,
    "Day_of_Week": "Thursday"
  },
  {
    "Date": "2024-10-31 00:00:00",
    "Product": "Desktop",
    "Category": "Computing",
    "Region": "North America",
    "Sales_Channel": "Direct",
    "Unit_Price": 748.3329005048297,
    "Quantity_Sold": 5,
    "Discount_Percent": 0.055300102299411014,
    "Customer_Rating": 3.1617459332343953,
    "Shipping_Cost": 24.27415137230485,
    "Marketing_Spend": 347.36495137502953,
    "Revenue": 3534.7500727644883,
    "Profit_Margin": 0.16684205272008557,
    "Profit": 589.744957992499,
    "Month": 10,
    "Quarter": 4,
    "Day_of_Week": "Thursday"
  },
  {
    "Date": "2023-02-27 00:00:00",
    "Product": "Laptop",
    "Category": "Accessories",
    "Region": "North America",
    "Sales_Channel": "Partner",
    "Unit_Price": 1110.1457388987571,
    "Quantity_Sold": 16,
    "Discount_Percent": 0.054859799132192195,
    "Customer_Rating": 4.869227994679419,
    "Shipping_Cost": 33.72217672295076,
    "Marketing_Spend": 263.1811661390177,
    "Revenue": 16787.893866484996,
    "Profit_Margin": 0.39828989014121163,
    "Profit": 6686.44840378463,
    "Month": 2,
    "Quarter": 1,
    "Day_of_Week": "Monday"
  },
  {
    "Date": "2024-03-22 00:00:00",
    "Product": "Tablet",
    "Category": "Electronics",
    "Region": "Europe",
    "Sales_Channel": "Online",
    "Unit_Price": 403.920012485558,
    "Quantity_Sold": 12,
    "Discount_Percent": 0.1698111631482229,
    "Customer_Rating": 3.3172928952849823,
    "Shipping_Cost": 10.407409151253898,
    "Marketing_Spend": 177.52103669103678,
    "Revenue": 4023.958624158489,
    "Profit_Margin": 0.15034945640944275,
    "Profit": 604.999991756318,
    "Month": 3,
    "Quarter": 1,
    "Day_of_Week": "Friday"
  },
  {
    "Date": "2023-03-10 00:00:00",
    "Product": "Keyboard",
    "Category": "Computing",
    "Region": "North America",
    "Sales_Channel": "Retail",
    "Unit_Price": 61.38651460027518,
    "Quantity_Sold": 5,
    "Discount_Percent": 0.14225214872619754,
    "Customer_Rating": 3.195668321302003,
    "Shipping_Cost": 27.122714380257456,
    "Marketing_Spend": 242.0011676824772,
    "Revenue": 263.2707549778697,
    "Profit_Margin": 0.336631514669648,
    "Profit": 88.62523301642204,
    "Month": 3,
    "Quarter": 1,
    "Day_of_Week": "Friday"
  },
  {
    "Date": "2023-09-11 00:00:00",
    "Product": "Laptop",
    "Category": "Accessories",
    "Region": "North America",
    "Sales_Channel": "Partner",
    "Unit_Price": 988.8353545182202,
    "Quantity_Sold": 5,
    "Discount_Percent": 0.2660041161894143,
    "Customer_Rating": 3.521787246683428,
    "Shipping_Cost": 5.688704313067314,
    "Marketing_Spend": 467.38379095894663,
    "Revenue": 3629.005399913775,
    "Profit_Margin": 0.3115133415476604,
    "Profit": 1130.4835986216438,
    "Month": 9,
    "Quarter": 3,
    "Day_of_Week": "Monday"
  },
  {
    "Date": "2023-11-21 00:00:00",
    "Product": "Tablet",
    "Category": "Electronics",
    "Region": "Latin America",
    "Sales_Channel": "Direct",
    "Unit_Price": 334.11374948008597,
    "Quantity_Sold": 2,
    "Discount_Percent": 0.007953393162486543,
    "Customer_Rating": 4.171551162546926,
    "Shipping_Cost": 47.31036086412309,
    "Marketing_Spend": 291.9823471591807,
    "Revenue": 662.9128229389567,
    "Profit_Margin": 0.19663964284489233,
    "Profit": 130.3549407400158,
    "Month": 11,
    "Quarter": 4,
    "Day_of_Week": "Tuesday"
  },
  {
    "Date": "2024-11-05 00:00:00",
    "Product": "Desktop",
    "Category": "Audio",
    "Region": "North America",
    "Sales_Channel": "Online",
    "Unit_Price": 964.4816706944014,
    "Quantity_Sold": 11,
    "Discount_Percent": 0.28243944263295756,
    "Customer_Rating": 3.7722052756015483,
    "Shipping_Cost": 48.25357537207614,
    "Marketing_Spend": 453.6218145584712,
    "Revenue": 7612.814057131481,
    "Profit_Margin": 0.19922174306978957,
    "Profit": 1516.6380861279301,
    "Month": 11,
    "Quarter": 4,
    "Day_of_Week": "Tuesday"
  },
  {
    "Date": "2023-10-12 00:00:00",
    "Product": "Keyboard",
    "Category": "Electronics",
    "Region": "Latin America",
    "Sales_Channel": "Partner",
    "Unit_Price": 49.4314770806994,
    "Quantity_Sold": 19,
    "Discount_Percent": 0.18547616530136785,
    "Customer_Rating": 3.6731084297774528,
    "Shipping_Cost": 34.507518592133394,
    "Marketing_Spend": 198.84434427312686,
    "Revenue": 764.9992090651876,
    "Profit_Margin": 0.2690654742901314,
    "Profit": 205.8348750187001,
    "Month": 10,
    "Quarter": 4,
    "Day_of_Week": "Thursday"
  },
  {
    "Date": "2024-08-24 00:00:00",
    "Product": "Desktop",
    "Category": "Accessories",
    "Region": "Europe",
    "Sales_Channel": "Partner",
    "Unit_Price": 752.7419099093601,
    "Quantity_Sold": 4,
    "Discount_Percent": 0.2078671076075818,
    "Customer_Rating": 3.696673208906395,
    "Shipping_Cost": 47.149166833506825,
    "Marketing_Spend": 29.201300071066665,
    "Revenue": 2385.086505285978,
    "Profit_Margin": 0.35571222924476753,
    "Profit": 848.4044377368873,
    "Month": 8,
    "Quarter": 3,
    "Day_of_Week": "Saturday"
  },
  {
    "Date": "2023-10-04 00:00:00",
    "Product": "Laptop",
    "Category": "Electronics",
    "Region": "North America",
    "Sales_Channel": "Direct",
    "Unit_Price": 1066.4637262678336,
    "Quantity_Sold": 9,
    "Discount_Percent": 0.1705560851249875,
    "Customer_Rating": 4.151849150516169,
    "Shipping_Cost": 37.92414898848381,
    "Marketing_Spend": 72.56796741700813,
    "Revenue": 7961.146633690071,
    "Profit_Margin": 0.21585608323583935,
    "Profit": 1718.4619304145263,
    "Month": 10,
    "Quarter": 4,
    "Day_of_Week": "Wednesday"
  },
  {
    "Date": "2023-04-06 00:00:00",
    "Product": "Laptop",
    "Category": "Audio",
    "Region": "Asia Pacific",
    "Sales_Channel": "Retail",
    "Unit_Price": 1297.120015286264,
    "Quantity_Sold": 12,
    "Discount_Percent": 0.1286982082125055,
    "Customer_Rating": 4.501742135582995,
    "Shipping_Cost": 38.95442933381071,
    "Marketing_Spend": 60.530695729606975,
    "Revenue": 13562.195921788132,
    "Profit_Margin": 0.11835396427552197,
    "Profit": 1605.1396516249424,
    "Month": 4,
    "Quarter": 2,
    "Day_of_Week": "Thursday"
  },
  {
    "Date": "2023-03-03 00:00:00",
    "Product": "Laptop",
    "Category": "Audio",
    "Region": "Latin America",
    "Sales_Channel": "Online",
    "Unit_Price": 1152.0297606183672,
    "Quantity_Sold": 19,
    "Discount_Percent": 0.11676050362024892,
    "Customer_Rating": 3.0216753029605967,
    "Shipping_Cost": 45.74218893886687,
    "Marketing_Spend": 54.730471625205446,
    "Revenue": 19332.845526077985,
    "Profit_Margin": 0.21232575307068904,
    "Profit": 4104.8609853238095,
    "Month": 3,
    "Quarter": 1,
    "Day_of_Week": "Friday"
  },
  {
    "Date": "2024-12-18 00:00:00",
    "Product": "Webcam",
    "Category": "Computing",
    "Region": "Latin America",
    "Sales_Channel": "Direct",
    "Unit_Price": 81.50392080462323,
    "Quantity_Sold": 15,
    "Discount_Percent": 0.024985323358577893,
    "Customer_Rating": 3.183408294516962,
    "Shipping_Cost": 32.109841665550356,
    "Marketing_Spend": 281.3144956494424,
    "Revenue": 1192.012784824917,
    "Profit_Margin": 0.16219380197282243,
    "Profit": 193.33708557096517,
    "Month": 12,
    "Quarter": 4,
    "Day_of_Week": "Wednesday"
  },
  {
    "Date": "2024-04-28 00:00:00",
    "Product": "Mouse",
    "Category": "Electronics",
    "Region": "Asia Pacific",
    "Sales_Channel": "Direct",
    "Unit_Price": 29.870226784931926,
    "Quantity_Sold": 13,
    "Discount_Percent": 0.2792787317061878,
    "Customer_Rating": 4.948496417068821,
    "Shipping_Cost": 49.81690589136481,
    "Marketing_Spend": 37.37686579190152,
    "Revenue": 279.86540052457923,
    "Profit_Margin": 0.38176210511950526,
    "Profit": 106.84200445437686,
    "Month": 4,
    "Quarter": 2,
    "Day_of_Week": "Sunday"
  },
  {
    "Date": "2023-08-03 00:00:00",
    "Product": "Monitor",
    "Category": "Electronics",
    "Region": "Asia Pacific",
    "Sales_Channel": "Partner",
    "Unit_Price": 257.5600524641409,
    "Quantity_Sold": 12,
    "Discount_Percent": 0.20640900305251172,
    "Customer_Rating": 4.673927748474748,
    "Shipping_Cost": 44.00909173898786,
    "Marketing_Spend": 420.8555742443527,
    "Revenue": 2452.7680657063793,
    "Profit_Margin": 0.30918230391278434,
    "Profit": 758.3524815188019,
    "Month": 8,
    "Quarter": 3,
    "Day_of_Week": "Thursday"
  },
  {
    "Date": "2024-10-14 00:00:00",
    "Product": "Headphones",
    "Category": "Audio",
    "Region": "Europe",
    "Sales_Channel": "Online",
    "Unit_Price": 121.09300296451781,
    "Quantity_Sold": 2,
    "Discount_Percent": 0.02440463419256993,
    "Customer_Rating": 3.169675428170384,
    "Shipping_Cost": 49.3987810325529,
    "Marketing_Spend": 193.39268992049895,
    "Revenue": 236.27554504777794,
    "Profit_Margin": 0.1152497992640046,
    "Profit": 27.23070913774968,
    "Month": 10,
    "Quarter": 4,
    "Day_of_Week": "Monday"
  },
  {
    "Date": "2023-12-08 00:00:00",
    "Product": "Laptop",
    "Category": "Audio",
    "Region": "North America",
    "Sales_Channel": "Partner",
    "Unit_Price": 1504.6162238091279,
    "Quantity_Sold": 13,
    "Discount_Percent": 0.2260134555776825,
    "Customer_Rating": 3.7525191710618317,
    "Shipping_Cost": 8.757532251440095,
    "Marketing_Spend": 390.801988804444,
    "Revenue": 15139.185252721183,
    "Profit_Margin": 0.18789656117878195,
    "Profit": 2844.600848034839,
    "Month": 12,
    "Quarter": 4,
    "Day_of_Week": "Friday"
  },
  {
    "Date": "2023-06-16 00:00:00",
    "Product": "Headphones",
    "Category": "Computing",
    "Region": "Europe",
    "Sales_Channel": "Retail",
    "Unit_Price": 96.51262645095493,
    "Quantity_Sold": 3,
    "Discount_Percent": 0.07610465216194162,
    "Customer_Rating": 3.8104041735628345,
    "Shipping_Cost": 30.716286134225477,
    "Marketing_Spend": 373.0771918462275,
    "Revenue": 267.50269975700877,
    "Profit_Margin": 0.11506478947624209,
    "Profit": 30.780141831866608,
    "Month": 6,
    "Quarter": 2,
    "Day_of_Week": "Friday"
  },
  {
    "Date": "2023-12-27 00:00:00",
    "Product": "Tablet",
    "Category": "Computing",
    "Region": "North America",
    "Sales_Channel": "Partner",
    "Unit_Price": 436.6737530194319,
    "Quantity_Sold": 17,
    "Discount_Percent": 0.024867396508006265,
    "Customer_Rating": 4.056740242594419,
    "Shipping_Cost": 24.63511242229502,
    "Marketing_Spend": 403.0335320230997,
    "Revenue": 7238.8518321937945,
    "Profit_Margin": 0.3490050011124358,
    "Profit": 2526.3954917475535,
    "Month": 12,
    "Quarter": 4,
    "Day_of_Week": "Wednesday"
  },
  {
    "Date": "2024-11-02 00:00:00",
    "Product": "Mouse",
    "Category": "Electronics",
    "Region": "North America",
    "Sales_Channel": "Partner",
    "Unit_Price": 31.139288921225887,
    "Quantity_Sold": 11,
    "Discount_Percent": 0.27573471458359783,
    "Customer_Rating": 3.5059803359784825,
    "Shipping_Cost": 36.29350053979914,
    "Marketing_Spend": 46.96292807398694,
    "Revenue": 248.08416576015028,
    "Profit_Margin": 0.3718889205721483,
    "Profit": 92.2597526155842,
    "Month": 11,
    "Quarter": 4,
    "Day_of_Week": "Saturday"
  },
  {
    "Date": "2023-08-21 00:00:00",
    "Product": "Webcam",
    "Category": "Electronics",
    "Region": "Europe",
    "Sales_Channel": "Partner",
    "Unit_Price": 77.0452899287915,
    "Quantity_Sold": 3,
    "Discount_Percent": 0.27034740314729666,
    "Customer_Rating": 3.090892760682916,
    "Shipping_Cost": 17.643343531650366,
    "Marketing_Spend": 475.7016271975138,
    "Revenue": 168.64888761543645,
    "Profit_Margin": 0.13368388175172233,
    "Profit": 22.545637949541515,
    "Month": 8,
    "Quarter": 3,
    "Day_of_Week": "Monday"
  },
  {
    "Date": "2023-12-24 00:00:00",
    "Product": "Tablet",
    "Category": "Audio",
    "Region": "Latin America",
    "Sales_Channel": "Direct",
    "Unit_Price": 387.1320129593927,
    "Quantity_Sold": 4,
    "Discount_Percent": 0.13910952148199465,
    "Customer_Rating": 3.7067044560521056,
    "Shipping_Cost": 31.264525033289242,
    "Marketing_Spend": 48.089972112842574,
    "Revenue": 1333.1130555450009,
    "Profit_Margin": 0.23208701380260888,
    "Profit": 309.3982281227107,
    "Month": 12,
    "Quarter": 4,
    "Day_of_Week": "Sunday"
  },
  {
    "Date": "2024-12-04 00:00:00",
    "Product": "Laptop",
    "Category": "Computing",
    "Region": "Europe",
    "Sales_Channel": "Partner",
    "Unit_Price": 1281.6578198064724,
    "Quantity_Sold": 1,
    "Discount_Percent": 0.12336201626165587,
    "Customer_Rating": 4.205563764046597,
    "Shipping_Cost": 17.193093913180846,
    "Marketing_Spend": 75.26071135963736,
    "Revenue": 1123.5499269976278,
    "Profit_Margin": 0.3795649845509278,
    "Profit": 426.46021068305066,
    "Month": 12,
    "Quarter": 4,
    "Day_of_Week": "Wednesday"
  },
  {
    "Date": "2023-09-10 00:00:00",
    "Product": "Monitor",
    "Category": "Accessories",
    "Region": "Europe",
    "Sales_Channel": "Partner",
    "Unit_Price": 348.857926258254,
    "Quantity_Sold": 15,
    "Discount_Percent": 0.27575296555066786,
    "Customer_Rating": 3.1654968400706123,
    "Shipping_Cost": 44.449766866660674,
    "Marketing_Spend": 280.2780575465943,
    "Revenue": 3789.8897780502634,
    "Profit_Margin": 0.14356350601440118,
    "Profit": 544.0898639450365,
    "Month": 9,
    "Quarter": 3,
    "Day_of_Week": "Sunday"
  },
  {
    "Date": "2023-04-29 00:00:00",
    "Product": "Mouse",
    "Category": "Audio",
    "Region": "North America",
    "Sales_Channel": "Retail",
    "Unit_Price": 30.131916634772914,
    "Quantity_Sold": 15,
    "Discount_Percent": 0.045125067331058456,
    "Customer_Rating": 4.18826143070427,
    "Shipping_Cost": 22.14008854839597,
    "Marketing_Spend": 485.25805492915555,
    "Revenue": 431.5831780172242,
    "Profit_Margin": 0.18757107719689448,
    "Profit": 80.95252160074982,
    "Month": 4,
    "Quarter": 2,
    "Day_of_Week": "Saturday"
  },
  {
    "Date": "2024-11-19 00:00:00",
    "Product": "Monitor",
    "Category": "Electronics",
    "Region": "North America",
    "Sales_Channel": "Retail",
    "Unit_Price": 245.5232801453987,
    "Quantity_Sold": 1,
    "Discount_Percent": 0.0041015894480991855,
    "Customer_Rating": 3.1507181207049246,
    "Shipping_Cost": 36.12714787260104,
    "Marketing_Spend": 271.8296747644369,
    "Revenue": 244.51624445029165,
    "Profit_Margin": 0.19128239505179678,
    "Profit": 46.7716528675224,
    "Month": 11,
    "Quarter": 4,
    "Day_of_Week": "Tuesday"
  },
  {
    "Date": "2024-03-12 00:00:00",
    "Product": "Mouse",
    "Category": "Computing",
    "Region": "North America",
    "Sales_Channel": "Online",
    "Unit_Price": 31.809571623530353,
    "Quantity_Sold": 10,
    "Discount_Percent": 0.11335516478273593,
    "Customer_Rating": 3.4821696646592635,
    "Shipping_Cost": 14.227039782793621,
    "Marketing_Spend": 133.20679536078126,
    "Revenue": 282.0379239047683,
    "Profit_Margin": 0.10901749366059955,
    "Profit": 30.74706758133674,
    "Month": 3,
    "Quarter": 1,
    "Day_of_Week": "Tuesday"
  },
  {
    "Date": "2024-12-17 00:00:00",
    "Product": "Mouse",
    "Category": "Audio",
    "Region": "Europe",
    "Sales_Channel": "Online",
    "Unit_Price": 28.39625855507321,
    "Quantity_Sold": 2,
    "Discount_Percent": 0.10744881540985214,
    "Customer_Rating": 3.227115184399258,
    "Shipping_Cost": 35.22079380167598,
    "Marketing_Spend": 264.9507734428587,
    "Revenue": 50.69022842251743,
    "Profit_Margin": 0.11088197040699721,
    "Profit": 5.620632407869507,
    "Month": 12,
    "Quarter": 4,
    "Day_of_Week": "Tuesday"
  },
  {
    "Date": "2023-11-02 00:00:00",
    "Product": "Headphones",
    "Category": "Audio",
    "Region": "North America",
    "Sales_Channel": "Retail",
    "Unit_Price": 128.39868827199115,
    "Quantity_Sold": 17,
    "Discount_Percent": 0.04020456853519222,
    "Customer_Rating": 3.057565352626678,
    "Shipping_Cost": 38.98117650531285,
    "Marketing_Spend": 313.9516801631977,
    "Revenue": 2095.0200649620288,
    "Profit_Margin": 0.3858378481248739,
    "Profit": 808.3380336433827,
    "Month": 11,
    "Quarter": 4,
    "Day_of_Week": "Thursday"
  },
  {
    "Date": "2023-03-16 00:00:00",
    "Product": "Desktop",
    "Category": "Computing",
    "Region": "Asia Pacific",
    "Sales_Channel": "Retail",
    "Unit_Price": 886.9054848389169,
    "Quantity_Sold": 2,
    "Discount_Percent": 0.10517626764197908,
    "Customer_Rating": 4.179835373709266,
    "Shipping_Cost": 22.650982029487956,
    "Marketing_Spend": 224.36271179162725,
    "Revenue": 1587.2481523847196,
    "Profit_Margin": 0.2713277826958762,
    "Profit": 430.6645217746722,
    "Month": 3,
    "Quarter": 1,
    "Day_of_Week": "Thursday"
  },
  {
    "Date": "2023-11-04 00:00:00",
    "Product": "Webcam",
    "Category": "Electronics",
    "Region": "Europe",
    "Sales_Channel": "Online",
    "Unit_Price": 89.38698797779287,
    "Quantity_Sold": 10,
    "Discount_Percent": 0.2587091126240235,
    "Customer_Rating": 4.899041247315284,
    "Shipping_Cost": 11.618306641806708,
    "Marketing_Spend": 464.0279363291323,
    "Revenue": 662.6175963792382,
    "Profit_Margin": 0.19199449642858538,
    "Profit": 127.21893174155147,
    "Month": 11,
    "Quarter": 4,
    "Day_of_Week": "Saturday"
  },
  {
    "Date": "2024-05-22 00:00:00",
    "Product": "Desktop",
    "Category": "Audio",
    "Region": "Latin America",
    "Sales_Channel": "Online",
    "Unit_Price": 1032.0130301141908,
    "Quantity_Sold": 2,
    "Discount_Percent": 0.09862548308625246,
    "Customer_Rating": 4.2668017086334515,
    "Shipping_Cost": 15.806552845018688,
    "Marketing_Spend": 47.17303077324532,
    "Revenue": 1860.4604929357429,
    "Profit_Margin": 0.21360239821197538,
    "Profit": 397.39882306970856,
    "Month": 5,
    "Quarter": 2,
    "Day_of_Week": "Wednesday"
  },
  {
    "Date": "2024-10-24 00:00:00",
    "Product": "Laptop",
    "Category": "Computing",
    "Region": "Latin America",
    "Sales_Channel": "Partner",
    "Unit_Price": 1200.1802933461688,
    "Quantity_Sold": 16,
    "Discount_Percent": 0.19226242344096436,
    "Customer_Rating": 3.3637601687982897,
    "Shipping_Cost": 20.555027749573846,
    "Marketing_Spend": 449.4263208539458,
    "Revenue": 15510.89154530155,
    "Profit_Margin": 0.3144528786535073,
    "Profit": 4877.444496902421,
    "Month": 10,
    "Quarter": 4,
    "Day_of_Week": "Thursday"
  },
  {
    "Date": "2024-10-28 00:00:00",
    "Product": "Monitor",
    "Category": "Electronics",
    "Region": "Latin America",
    "Sales_Channel": "Retail",
    "Unit_Price": 330.29030933114404,
    "Quantity_Sold": 19,
    "Discount_Percent": 0.01226058487994366,
    "Customer_Rating": 3.3378701261443293,
    "Shipping_Cost": 17.536565256438138,
    "Marketing_Spend": 96.73513729560594,
    "Revenue": 6198.574382212767,
    "Profit_Margin": 0.20995516106638612,
    "Profit": 1301.4226827994564,
    "Month": 10,
    "Quarter": 4,
    "Day_of_Week": "Monday"
  },
  {
    "Date": "2024-05-27 00:00:00",
    "Product": "Mouse",
    "Category": "Electronics",
    "Region": "North America",
    "Sales_Channel": "Direct",
    "Unit_Price": 22.579171480072407,
    "Quantity_Sold": 2,
    "Discount_Percent": 0.03862451948989317,
    "Customer_Rating": 3.660199026620311,
    "Shipping_Cost": 19.471224410601305,
    "Marketing_Spend": 55.22238725208558,
    "Revenue": 43.41412366234942,
    "Profit_Margin": 0.1683281209279865,
    "Profit": 7.307817857818512,
    "Month": 5,
    "Quarter": 2,
    "Day_of_Week": "Monday"
  },
  {
    "Date": "2023-05-01 00:00:00",
    "Product": "Webcam",
    "Category": "Accessories",
    "Region": "Asia Pacific",
    "Sales_Channel": "Direct",
    "Unit_Price": 92.75919840400414,
    "Quantity_Sold": 16,
    "Discount_Percent": 0.018323387956459124,
    "Customer_Rating": 3.5537552962944075,
    "Shipping_Cost": 41.279057590687756,
    "Marketing_Spend": 376.6472482879926,
    "Revenue": 1456.9525700018785,
    "Profit_Margin": 0.13055120247993984,
    "Profit": 190.20690996998397,
    "Month": 5,
    "Quarter": 2,
    "Day_of_Week": "Monday"
  },
  {
    "Date": "2024-11-22 00:00:00",
    "Product": "Mouse",
    "Category": "Computing",
    "Region": "Asia Pacific",
    "Sales_Channel": "Partner",
    "Unit_Price": 31.550521988842917,
    "Quantity_Sold": 14,
    "Discount_Percent": 0.1854764314590888,
    "Customer_Rating": 3.7378272791395446,
    "Shipping_Cost": 25.814062225991655,
    "Marketing_Spend": 376.2607596855407,
    "Revenue": 359.7810126355315,
    "Profit_Margin": 0.3186799035154112,
    "Profit": 114.65497839336813,
    "Month": 11,
    "Quarter": 4,
    "Day_of_Week": "Friday"
  },
  {
    "Date": "2024-11-29 00:00:00",
    "Product": "Headphones",
    "Category": "Audio",
    "Region": "Asia Pacific",
    "Sales_Channel": "Partner",
    "Unit_Price": 114.35827527016656,
    "Quantity_Sold": 14,
    "Discount_Percent": 0.22488486960257623,
    "Customer_Rating": 3.0609443054671885,
    "Shipping_Cost": 44.02467414836255,
    "Marketing_Spend": 183.53186868863148,
    "Revenue": 1240.9716122728348,
    "Profit_Margin": 0.15416950500256743,
    "Profit": 191.319979186341,
    "Month": 11,
    "Quarter": 4,
    "Day_of_Week": "Friday"
  },
  {
    "Date": "2023-01-15 00:00:00",
    "Product": "Monitor",
    "Category": "Audio",
    "Region": "North America",
    "Sales_Channel": "Partner",
    "Unit_Price": 296.5926244656934,
    "Quantity_Sold": 10,
    "Discount_Percent": 0.1691895276056509,
    "Customer_Rating": 4.681419971755862,
    "Shipping_Cost": 9.014194792042527,
    "Marketing_Spend": 272.31442636760653,
    "Revenue": 2464.1225844102255,
    "Profit_Margin": 0.12089448097788928,
    "Profit": 297.8988209081694,
    "Month": 1,
    "Quarter": 1,
    "Day_of_Week": "Sunday"
  },
  {
    "Date": "2023-05-25 00:00:00",
    "Product": "Laptop",
    "Category": "Electronics",
    "Region": "Latin America",
    "Sales_Channel": "Online",
    "Unit_Price": 1367.4613914866936,
    "Quantity_Sold": 3,
    "Discount_Percent": 0.1946468520874728,
    "Customer_Rating": 3.9591642035085,
    "Shipping_Cost": 31.288976812137616,
    "Marketing_Spend": 371.0430129435073,
    "Revenue": 3303.868008847961,
    "Profit_Margin": 0.22808633364894312,
    "Profit": 753.5671409981654,
    "Month": 5,
    "Quarter": 2,
    "Day_of_Week": "Thursday"
  },
  {
    "Date": "2024-01-04 00:00:00",
    "Product": "Webcam",
    "Category": "Audio",
    "Region": "Asia Pacific",
    "Sales_Channel": "Retail",
    "Unit_Price": 70.64159646745216,
    "Quantity_Sold": 6,
    "Discount_Percent": 0.2698942191435037,
    "Customer_Rating": 4.215110444587146,
    "Shipping_Cost": 15.995891995909453,
    "Marketing_Spend": 254.1413719459807,
    "Revenue": 309.45502769891203,
    "Profit_Margin": 0.11187128854340614,
    "Profit": 34.61913269491273,
    "Month": 1,
    "Quarter": 1,
    "Day_of_Week": "Thursday"
  },
  {
    "Date": "2024-01-12 00:00:00",
    "Product": "Headphones",
    "Category": "Electronics",
    "Region": "North America",
    "Sales_Channel": "Retail",
    "Unit_Price": 91.26663988562642,
    "Quantity_Sold": 6,
    "Discount_Percent": 0.07378731851535243,
    "Customer_Rating": 3.321362746519111,
    "Shipping_Cost": 13.39551608230876,
    "Marketing_Spend": 149.69663265998508,
    "Revenue": 507.1939155513584,
    "Profit_Margin": 0.3894994175028661,
    "Profit": 197.55173466825195,
    "Month": 1,
    "Quarter": 1,
    "Day_of_Week": "Friday"
  },
  {
    "Date": "2024-10-25 00:00:00",
    "Product": "Webcam",
    "Category": "Computing",
    "Region": "North America",
    "Sales_Channel": "Partner",
    "Unit_Price": 61.93633042029424,
    "Quantity_Sold": 8,
    "Discount_Percent": 0.20908843870992647,
    "Customer_Rating": 4.994511069536789,
    "Shipping_Cost": 45.347461833830934,
    "Marketing_Spend": 292.2392247247734,
    "Revenue": 391.88927834634234,
    "Profit_Margin": 0.28818789027245195,
    "Profit": 112.93774434702608,
    "Month": 10,
    "Quarter": 4,
    "Day_of_Week": "Friday"
  },
  {
    "Date": "2023-01-04 00:00:00",
    "Product": "Monitor",
    "Category": "Computing",
    "Region": "Europe",
    "Sales_Channel": "Retail",
    "Unit_Price": 278.685424056741,
    "Quantity_Sold": 6,
    "Discount_Percent": 0.20059296597732929,
    "Customer_Rating": 4.858751978255172,
    "Shipping_Cost": 30.05433018562684,
    "Marketing_Spend": 290.09021784025094,
    "Revenue": 1336.6985296232974,
    "Profit_Margin": 0.14580904313396825,
    "Profit": 194.90273356295532,
    "Month": 1,
    "Quarter": 1,
    "Day_of_Week": "Wednesday"
  },
  {
    "Date": "2023-06-22 00:00:00",
    "Product": "Monitor",
    "Category": "Audio",
    "Region": "North America",
    "Sales_Channel": "Retail",
    "Unit_Price": 385.1991099756351,
    "Quantity_Sold": 4,
    "Discount_Percent": 0.12763093158492503,
    "Customer_Rating": 4.01522075736891,
    "Shipping_Cost": 15.908437958678611,
    "Marketing_Spend": 66.27004412220973,
    "Revenue": 1344.1431548950434,
    "Profit_Margin": 0.15173622593453825,
    "Profit": 203.95520943951735,
    "Month": 6,
    "Quarter": 2,
    "Day_of_Week": "Thursday"
  },
  {
    "Date": "2024-10-15 00:00:00",
    "Product": "Desktop",
    "Category": "Audio",
    "Region": "Europe",
    "Sales_Channel": "Online",
    "Unit_Price": 842.441582543739,
    "Quantity_Sold": 4,
    "Discount_Percent": 0.09619265764785428,
    "Customer_Rating": 4.187766195115797,
    "Shipping_Cost": 21.615371667945325,
    "Marketing_Spend": 232.59130638735883,
    "Revenue": 3045.61955122317,
    "Profit_Margin": 0.27094854408185365,
    "Profit": 825.2061832311465,
    "Month": 10,
    "Quarter": 4,
    "Day_of_Week": "Tuesday"
  },
  {
    "Date": "2024-10-11 00:00:00",
    "Product": "Mouse",
    "Category": "Audio",
    "Region": "Europe",
    "Sales_Channel": "Online",
    "Unit_Price": 28.55714434849792,
    "Quantity_Sold": 1,
    "Discount_Percent": 0.04164743203260611,
    "Customer_Rating": 3.0054217988286593,
    "Shipping_Cost": 10.25132288637566,
    "Marketing_Spend": 241.8514385154272,
    "Revenue": 27.36781262019853,
    "Profit_Margin": 0.2069697272013381,
    "Profit": 5.664308712099828,
    "Month": 10,
    "Quarter": 4,
    "Day_of_Week": "Friday"
  },
  {
    "Date": "2024-02-23 00:00:00",
    "Product": "Headphones",
    "Category": "Accessories",
    "Region": "Asia Pacific",
    "Sales_Channel": "Online",
    "Unit_Price": 122.53637300082273,
    "Quantity_Sold": 12,
    "Discount_Percent": 0.12255548788077507,
    "Customer_Rating": 4.865876134199909,
    "Shipping_Cost": 49.59182644058258,
    "Marketing_Spend": 110.45088692608626,
    "Revenue": 1290.2264162947952,
    "Profit_Margin": 0.3322800232563141,
    "Profit": 428.71646361234536,
    "Month": 2,
    "Quarter": 1,
    "Day_of_Week": "Friday"
  },
  {
    "Date": "2024-06-30 00:00:00",
    "Product": "Monitor",
    "Category": "Electronics",
    "Region": "Latin America",
    "Sales_Channel": "Direct",
    "Unit_Price": 326.1709669769868,
    "Quantity_Sold": 8,
    "Discount_Percent": 0.24838226615324757,
    "Customer_Rating": 4.501003849530627,
    "Shipping_Cost": 40.9791708913782,
    "Marketing_Spend": 414.31501157947065,
    "Revenue": 1961.2470643667739,
    "Profit_Margin": 0.263741945685675,
    "Profit": 517.2631167264112,
    "Month": 6,
    "Quarter": 2,
    "Day_of_Week": "Sunday"
  },
  {
    "Date": "2023-01-05 00:00:00",
    "Product": "Mouse",
    "Category": "Computing",
    "Region": "Asia Pacific",
    "Sales_Channel": "Retail",
    "Unit_Price": 26.538317809613993,
    "Quantity_Sold": 4,
    "Discount_Percent": 0.09485897468894838,
    "Customer_Rating": 4.176613351590113,
    "Shipping_Cost": 35.73419285377096,
    "Marketing_Spend": 231.45481463652922,
    "Revenue": 96.0836807688982,
    "Profit_Margin": 0.2300001626574824,
    "Profit": 22.099262205576203,
    "Month": 1,
    "Quarter": 1,
    "Day_of_Week": "Thursday"
  },
  {
    "Date": "2024-06-09 00:00:00",
    "Product": "Tablet",
    "Category": "Audio",
    "Region": "Asia Pacific",
    "Sales_Channel": "Online",
    "Unit_Price": 380.2755748328284,
    "Quantity_Sold": 15,
    "Discount_Percent": 0.1732458812718377,
    "Customer_Rating": 3.710724903636792,
    "Shipping_Cost": 22.616694959067587,
    "Marketing_Spend": 270.61016504720527,
    "Revenue": 4715.915966171406,
    "Profit_Margin": 0.38889407441958157,
    "Profit": 1833.9917747047555,
    "Month": 6,
    "Quarter": 2,
    "Day_of_Week": "Sunday"
  },
  {
    "Date": "2024-09-07 00:00:00",
    "Product": "Mouse",
    "Category": "Audio",
    "Region": "Asia Pacific",
    "Sales_Channel": "Partner",
    "Unit_Price": 21.461225508854554,
    "Quantity_Sold": 6,
    "Discount_Percent": 0.09984473577374528,
    "Customer_Rating": 4.461098273618603,
    "Shipping_Cost": 36.217292333150226,
    "Marketing_Spend": 91.69807239675775,
    "Revenue": 115.91061071125326,
    "Profit_Margin": 0.21721871686290672,
    "Profit": 25.177954129494324,
    "Month": 9,
    "Quarter": 3,
    "Day_of_Week": "Saturday"
  },
  {
    "Date": "2024-10-30 00:00:00",
    "Product": "Webcam",
    "Category": "Electronics",
    "Region": "Latin America",
    "Sales_Channel": "Retail",
    "Unit_Price": 93.52097186441091,
    "Quantity_Sold": 4,
    "Discount_Percent": 0.299307784777153,
    "Customer_Rating": 4.504806240077645,
    "Shipping_Cost": 36.814120755955656,
    "Marketing_Spend": 391.500250134868,
    "Revenue": 262.1176677818705,
    "Profit_Margin": 0.22018327713920308,
    "Profit": 57.71392708829716,
    "Month": 10,
    "Quarter": 4,
    "Day_of_Week": "Wednesday"
  },
  {
    "Date": "2023-09-11 00:00:00",
    "Product": "Laptop",
    "Category": "Audio",
    "Region": "Europe",
    "Sales_Channel": "Retail",
    "Unit_Price": 1417.4752114444143,
    "Quantity_Sold": 10,
    "Discount_Percent": 0.10262452461477224,
    "Customer_Rating": 4.642514609344026,
    "Shipping_Cost": 9.978428162984326,
    "Marketing_Spend": 424.76162294991394,
    "Revenue": 12720.074917167076,
    "Profit_Margin": 0.29973172631823675,
    "Profit": 3812.61001381979,
    "Month": 9,
    "Quarter": 3,
    "Day_of_Week": "Monday"
  },
  {
    "Date": "2024-11-26 00:00:00",
    "Product": "Tablet",
    "Category": "Computing",
    "Region": "North America",
    "Sales_Channel": "Direct",
    "Unit_Price": 349.9834854697548,
    "Quantity_Sold": 15,
    "Discount_Percent": 0.12268655312564797,
    "Customer_Rating": 4.54376396119649,
    "Shipping_Cost": 5.549138254312004,
    "Marketing_Spend": 303.2369235905612,
    "Revenue": 4605.678269798554,
    "Profit_Margin": 0.34284357523665054,
    "Profit": 1579.027204407487,
    "Month": 11,
    "Quarter": 4,
    "Day_of_Week": "Tuesday"
  },
  {
    "Date": "2023-10-19 00:00:00",
    "Product": "Keyboard",
    "Category": "Accessories",
    "Region": "Asia Pacific",
    "Sales_Channel": "Partner",
    "Unit_Price": 48.642399837597985,
    "Quantity_Sold": 11,
    "Discount_Percent": 0.2877224383692083,
    "Customer_Rating": 3.685048514357087,
    "Shipping_Cost": 15.230794236349416,
    "Marketing_Spend": 217.56246258603662,
    "Revenue": 381.1157894301374,
    "Profit_Margin": 0.2878644972575636,
    "Profit": 109.70970512122597,
    "Month": 10,
    "Quarter": 4,
    "Day_of_Week": "Thursday"
  },
  {
    "Date": "2023-10-29 00:00:00",
    "Product": "Desktop",
    "Category": "Computing",
    "Region": "Latin America",
    "Sales_Channel": "Retail",
    "Unit_Price": 874.4919328067189,
    "Quantity_Sold": 18,
    "Discount_Percent": 0.18343627063039433,
    "Customer_Rating": 3.036220367641681,
    "Shipping_Cost": 44.24557590248682,
    "Marketing_Spend": 466.73795841697006,
    "Revenue": 12853.411091213202,
    "Profit_Margin": 0.3095830666163286,
    "Profit": 3979.198422098114,
    "Month": 10,
    "Quarter": 4,
    "Day_of_Week": "Sunday"
  },
  {
    "Date": "2023-11-20 00:00:00",
    "Product": "Keyboard",
    "Category": "Electronics",
    "Region": "Latin America",
    "Sales_Channel": "Online",
    "Unit_Price": 57.68096585783496,
    "Quantity_Sold": 10,
    "Discount_Percent": 0.2313740005559214,
    "Customer_Rating": 3.748870739440844,
    "Shipping_Cost": 8.101469271524845,
    "Marketing_Spend": 47.88732208950576,
    "Revenue": 443.3509003137817,
    "Profit_Margin": 0.21187947056998335,
    "Profit": 93.93695403520954,
    "Month": 11,
    "Quarter": 4,
    "Day_of_Week": "Monday"
  },
  {
    "Date": "2023-10-23 00:00:00",
    "Product": "Headphones",
    "Category": "Electronics",
    "Region": "Europe",
    "Sales_Channel": "Partner",
    "Unit_Price": 102.5419685702066,
    "Quantity_Sold": 14,
    "Discount_Percent": 0.07077181037852436,
    "Customer_Rating": 3.3310410207345793,
    "Shipping_Cost": 13.384439577235431,
    "Marketing_Spend": 420.3704866112211,
    "Revenue": 1333.9884294060148,
    "Profit_Margin": 0.24384905094347795,
    "Profit": 325.2918124802374,
    "Month": 10,
    "Quarter": 4,
    "Day_of_Week": "Monday"
  },
  {
    "Date": "2024-07-20 00:00:00",
    "Product": "Laptop",
    "Category": "Computing",
    "Region": "Latin America",
    "Sales_Channel": "Partner",
    "Unit_Price": 1199.4016223220783,
    "Quantity_Sold": 9,
    "Discount_Percent": 0.22327489555298666,
    "Customer_Rating": 3.411159616751275,
    "Shipping_Cost": 40.45054499215216,
    "Marketing_Spend": 305.8235505477681,
    "Revenue": 8384.448153348303,
    "Profit_Margin": 0.159110525940389,
    "Profit": 1334.0539553991719,
    "Month": 7,
    "Quarter": 3,
    "Day_of_Week": "Saturday"
  },
  {
    "Date": "2024-07-28 00:00:00",
    "Product": "Monitor",
    "Category": "Audio",
    "Region": "North America",
    "Sales_Channel": "Retail",
    "Unit_Price": 377.9783424619141,
    "Quantity_Sold": 2,
    "Discount_Percent": 0.13971003669564394,
    "Customer_Rating": 3.961673956178147,
    "Shipping_Cost": 46.33046262226855,
    "Marketing_Spend": 297.66342982691793,
    "Revenue": 650.3419487328028,
    "Profit_Margin": 0.30407394720955705,
    "Profit": 197.75204338713874,
    "Month": 7,
    "Quarter": 3,
    "Day_of_Week": "Sunday"
  },
  {
    "Date": "2023-06-28 00:00:00",
    "Product": "Monitor",
    "Category": "Accessories",
    "Region": "Latin America",
    "Sales_Channel": "Online",
    "Unit_Price": 314.755165910922,
    "Quantity_Sold": 6,
    "Discount_Percent": 0.010163748073978495,
    "Customer_Rating": 3.622946342265515,
    "Shipping_Cost": 40.122306839573945,
    "Marketing_Spend": 146.0177145884149,
    "Revenue": 1869.3364421977208,
    "Profit_Margin": 0.16643558212801285,
    "Profit": 311.1240989502861,
    "Month": 6,
    "Quarter": 2,
    "Day_of_Week": "Wednesday"
  },
  {
    "Date": "2023-06-05 00:00:00",
    "Product": "Desktop",
    "Category": "Accessories",
    "Region": "North America",
    "Sales_Channel": "Online",
    "Unit_Price": 711.2143867479006,
    "Quantity_Sold": 9,
    "Discount_Percent": 0.04459881832593388,
    "Customer_Rating": 3.8292482474540472,
    "Shipping_Cost": 8.840735063538974,
    "Marketing_Spend": 498.4683834045142,
    "Revenue": 6115.455589702864,
    "Profit_Margin": 0.10037703861814336,
    "Profit": 613.851321895145,
    "Month": 6,
    "Quarter": 2,
    "Day_of_Week": "Monday"
  },
  {
    "Date": "2023-11-23 00:00:00",
    "Product": "Laptop",
    "Category": "Electronics",
    "Region": "Latin America",
    "Sales_Channel": "Online",
    "Unit_Price": 1198.3908692745588,
    "Quantity_Sold": 19,
    "Discount_Percent": 0.06297167792867572,
    "Customer_Rating": 4.7961085788814275,
    "Shipping_Cost": 14.231283821690322,
    "Marketing_Spend": 103.43698312519662,
    "Revenue": 21335.597523016775,
    "Profit_Margin": 0.3801286359420254,
    "Profit": 8110.271583432423,
    "Month": 11,
    "Quarter": 4,
    "Day_of_Week": "Thursday"
  }
]